@misc{hasw:2023/1079,
      author = {Mathias Hall-Andersen and Mark Simkin and Benedikt Wagner},
      title = {Foundations of Data Availability Sampling},
      howpublished = {Cryptology {ePrint} Archive, Paper 2023/1079},
      year = {2023},
      url = {https://eprint.iacr.org/2023/1079}
}

@article{inevitableeth,
  title = {The World Computer},
  author = {{Inevitable Ethereum}},
  journal = {Wiki.js - Inevitable Ethereum},
  year = {2023},
  url = {https://inevitableeth.com/en/home/ethereum/world-computer},
  note = {Accessed: November 19, 2024}
}

@article{AlBass18,
  author       = {Mustafa Al{-}Bassam and
                  Alberto Sonnino and
                  Vitalik Buterin},
  title        = {Fraud Proofs: Maximising Light Client Security and Scaling Blockchains
                  with Dishonest Majorities},
  journal      = {CoRR},
  volume       = {abs/1809.09044},
  year         = {2018},
  url          = {http://arxiv.org/abs/1809.09044},
  eprinttype    = {arXiv},
  eprint       = {1809.09044},
  timestamp    = {Fri, 05 Oct 2018 11:34:52 +0200},
  biburl       = {https://dblp.org/rec/journals/corr/abs-1809-09044.bib},
  bibsource    = {dblp computer science bibliography, https://dblp.org}
}

@misc{eip4844,
  title = {EIP-4844: Shard Blob Transactions},
  author = {Vitalik Buterin and Dankrad Feist and Diederik Loerakker and George Kadianakis and Matt Garnett and Mofi Taiwo and Ansgar Dietrichs},
  year = {2022},
  howpublished = {\url{https://www.eip4844.com}},
  note = {Accessed: November 19, 2024}
}

@misc{damato2023danksharding,
  title = {From 4844 to Danksharding: A Path to Scaling Ethereum DA},
  author = {Francesco D'Amato},
  year = {2023},
  howpublished = {\url{https://ethresear.ch/t/from-4844-to-danksharding-a-path-to-scaling-ethereum-da/18046}},
  note = {Accessed: November 19, 2024}
}

@inproceedings{kzg-2010-23846,
  title={Constant-Size Commitments to Polynomials and Their Applications},
  booktitle={Advances in Cryptology - ASIACRYPT 2010 - 16th International Conference on the Theory and Application of Cryptology and Information Security},
  series={Lecture Notes in Computer Science},
  publisher={Springer},
  volume={6477},
  pages={177-194},
  url={https://www.iacr.org/archive/asiacrypt2010/6477178/6477178.pdf},
  doi={10.1007/978-3-642-17373-8_11},
  author={Aniket Kate and Gregory M. Zaverucha and Ian Goldberg},
  year=2010
}

@misc{eigenda,
  author = {EigenLayer},
  title = {EigenDA},
  year = {2024},
  url = {https://www.eigenda.xyz},
  note = {Accessed: 2024-11-19}
}

@misc{avail24,
  author = {Avail Project},
  title = {Avail: Data Availability Layer},
  year = {2024},
  url = {https://www.availproject.org/da},
  note = {Accessed: 2024-11-19}
}

@misc{celestia24,
  author = {Celestia},
  title = {Celestia: The First Modular Blockchain Network},
  year = {2024},
  url = {https://celestia.org},
  note = {Accessed: 2024-11-19}
}

@InProceedings{bensasson18,
  author =	{Ben-Sasson, Eli and Bentov, Iddo and Horesh, Yinon and Riabzev, Michael},
  title =	{{Fast Reed-Solomon Interactive Oracle Proofs of Proximity}},
  booktitle =	{45th International Colloquium on Automata, Languages, and Programming (ICALP 2018)},
  pages =	{14:1--14:17},
  series =	{Leibniz International Proceedings in Informatics (LIPIcs)},
  ISBN =	{978-3-95977-076-7},
  ISSN =	{1868-8969},
  year =	{2018},
  volume =	{107},
  editor =	{Chatzigiannakis, Ioannis and Kaklamanis, Christos and Marx, D\'{a}niel and Sannella, Donald},
  publisher =	{Schloss Dagstuhl -- Leibniz-Zentrum f{\"u}r Informatik},
  address =	{Dagstuhl, Germany},
  doi =		{10.4230/LIPIcs.ICALP.2018.14}
}

@misc{hasw:2024/248,
      author = {Mathias Hall-Andersen and Mark Simkin and Benedikt Wagner},
      title = {{FRIDA}: Data Availability Sampling from {FRI}},
      howpublished = {Cryptology {ePrint} Archive, Paper 2024/248},
      year = {2024},
      url = {https://eprint.iacr.org/2024/248}
}

@misc{peerdas2024,
  author = {Ethereum Research},
  title = {PeerDA: A Simpler DAS Approach Using Battle-Tested P2P Components},
  year = {2024},
  url = {https://ethresear.ch/t/peerdas-a-simpler-das-approach-using-battle-tested-p2p-components/16541},
  note = {Accessed: 2024-11-19}
}

@misc{crt:2024/889,
      author = {Stefanos Chaliasos and Itamar Reif and Adri√† Torralba-Agell and Jens Ernstberger and Assimakis Kattis and Benjamin Livshits},
      title = {Analyzing and Benchmarking {ZK}-Rollups},
      howpublished = {Cryptology {ePrint} Archive, Paper 2024/889},
      year = {2024},
      doi = {10.4230/LIPIcs.AFT.2024.14},
}

@inproceedings{Geisel1990TutorialOR,
  title={Tutorial on Reed-Solomon error correction coding},
  author={W. Geisel},
  year={1990},
  url={https://api.semanticscholar.org/CorpusID:58357266}
}

@mastersthesis{zych2018quantum,
  title = {Quantum Safe Cryptography Based on Hash Functions: A Survey},
  author = {Mateusz Zych},
  year = {2018},
  school = {University of Oslo},
  url = {https://www.duo.uio.no/bitstream/handle/10852/65784/1/Master_thesis.pdf},
  note = {Accessed: November 19, 2024}
}

@book{cachin/1972495, 
author = {Cachin, Christian and Guerraoui, Rachid and Rodrigues, Lus}, 
title = {Introduction to Reliable and Secure Distributed Programming}, 
year = {2011}, 
isbn = {3642152597}, 
publisher = {Springer Publishing Company, Incorporated}, 
edition = {2nd}
}

@article{Buchman18,
  author       = {Ethan Buchman and
                  Jae Kwon and
                  Zarko Milosevic},
  title        = {The latest gossip on {BFT} consensus},
  journal      = {CoRR},
  volume       = {abs/1807.04938},
  year         = {2018},
  url          = {http://arxiv.org/abs/1807.04938},
  eprinttype    = {arXiv},
  eprint       = {1807.04938}
}

@misc{drake23,
  author = {Justin Drake},
  title = {Based Preconfirmations},
  year = {2023},
  url = {https://ethresear.ch/t/based-preconfirmations/17353},
  note = {Accessed: 2024-11-19}
}

@misc{layerzero_labs_2024,
  author = {{Growjo}},
  title = {LayerZero Labs Company Profile and Ranking},
  year = {2024},
  url = {https://growjo.com/company/LayerZero_Labs},
  note = {Accessed: 2024-11-19}
}

@misc{chainlink_ccip_2024,
  author = {{Linkpool}},
  title = {Chainlink CCIP Dashboard on Dune},
  year = {2024},
  url = {https://dune.com/linkpool/chainlink-ccip},
  note = {Accessed: 2024-11-19}
}

@article{newsbtc_chainlink_2024,
  author = {{NewsBTC}},
  title = {Chainlink Facing Strong Rejection from Profit-Taking, Will CCIP Recharge Demand?},
  year = {2024},
  url = {https://www.newsbtc.com/news/chainlink/chainlink-facing-strong-rejection-from-profit-taking-will-ccip-recharge-demand/},
  note = {Accessed: 2024-11-19}
}

@misc{wifi_talents_web3_statistics,
  author = {{WiFi Talents}},
  title = {Web3 Statistics},
  year = {2024},
  url = {https://wifitalents.com/statistic/web3/?t},
  note = {Accessed: 2024-11-19}
}

@misc{growjo_celestia_labs,
  author = {{Growjo}},
  title = {Celestia Labs Company Profile and Statistics},
  year = {2024},
  url = {https://growjo.com/company/Celestia_Labs?t},
  note = {Accessed: 2024-11-19}
}

@misc{avail_dal_guide,
  author = {{Avail Project}},
  title = {A Guide to Selecting the Right Data Availability Layer},
  year = {2024},
  url = {https://blog.availproject.org/a-guide-to-selecting-the-right-data-availability-layer/},
  note = {Accessed: 2024-11-19}
}


